@article{Herraez:02,
author = {Miguel Arevallilo Herr\'{a}ez and David R. Burton and Michael J. Lalor and Munther A. Gdeisat},
journal = {Appl. Opt.},
number = {35},
pages = {7437--7444},
publisher = {Optica Publishing Group},
title = {Fast two-dimensional phase-unwrapping algorithm based on sorting by reliability following a noncontinuous path},
volume = {41},
month = {Dec},
year = {2002},
url = {https://opg.optica.org/ao/abstract.cfm?URI=ao-41-35-7437},
doi = {10.1364/AO.41.007437},
}